@misc{jQuery,
  title = {jQuery},
  howpublished = {\url{http://jquery.com/}}
}
@misc{sparklines,
  title = {jquery.sparklines},
  howpublished = {\url{http://omnipotent.net/jquery.sparkline/}}
}
@misc{linedtextarea,
  title = {linedtextarea},
  howpublished = {\url{https://github.com/aw20/JQueryLinedText}}
}
@misc{prettify,
  title = {Google Code Prettify},
  howpublished = {\url{https://code.google.com/p/google-code-prettify/}}
}
@misc{bootstrap,
  title = {Bootstrap},
  howpublished = {\url{http://getbootstrap.com/}}
}
@misc{uglify,
  title = {UglifyJS2},
  howpublished = {\url{https://github.com/mishoo/UglifyJS2}}
}
@misc{nbody,
  title = {n-body benchmark},
  howpublished = {\url{http://benchmarksgame.alioth.debian.org/u32/program.php?test=nbody&lang=v8&id=2}}
}
@misc{binarytrees,
  title = {binary trees benchmark},
  howpublished = {\url{http://benchmarksgame.alioth.debian.org/u32/program.php?test=binarytrees&lang=v8&id=1}}
}
@misc{revcomp,
  title = {reverse complement benchmark},
  howpublished = {\url{http://benchmarksgame.alioth.debian.org/u32/program.php?test=revcomp&lang=v8&id=4}}
}
